<?xml version="1.0" encoding="UTF-8"?><collection xmlns="http://www.loc.gov/MARC21/slim"><record><leader>00654nam--2200229-u-4500</leader><controlfield tag="001">000053236</controlfield><controlfield tag="002">20161230</controlfield><controlfield tag="005">20161230201051</controlfield><controlfield tag="008">110113s1000------------r-----000-0-eng-d</controlfield><datafield ind1=" " ind2=" " tag="020"><subfield code="a">354043870X</subfield></datafield><datafield ind1=" " ind2=" " tag="040"><subfield code="a">IFIN-HH</subfield></datafield><datafield ind1=" " ind2=" " tag="080"><subfield code="a">539.2</subfield></datafield><datafield ind1="1" ind2=" " tag="100"><subfield code="a">Ibach, H</subfield></datafield><datafield ind1="1" ind2="0" tag="245"><subfield code="a">Solid-state physics</subfield><subfield code="b">An introduction to principles of materials science</subfield><subfield code="c">H. ibach; h. luth</subfield></datafield><datafield ind1=" " ind2=" " tag="250"><subfield code="a">Third Extensively Updated And Enlarged Edition</subfield></datafield><datafield ind1=" " ind2=" " tag="260"><subfield code="a">Berlin</subfield><subfield code="b">Springer-verlag</subfield><subfield code="c">2003</subfield></datafield><datafield ind1=" " ind2=" " tag="300"><subfield code="a">501P</subfield></datafield><datafield ind1=" " ind2=" " tag="490"><subfield code="a">Advanced Textes In Physics</subfield></datafield><datafield ind1=" " ind2="4" tag="650"><subfield code="a">Solid State Physics</subfield></datafield><datafield ind1="1" ind2=" " tag="700"><subfield code="a">Luth, H</subfield></datafield><datafield ind1=" " ind2=" " tag="852"><subfield code="a">81454</subfield><subfield code="c">539.2</subfield></datafield><datafield ind1=" " ind2=" " tag="CAT"><subfield code="a">Sys</subfield><subfield code="c">20110113</subfield><subfield code="h">093508</subfield></datafield></record></collection>